<collection xmlns="http://www.loc.gov/MARC21/slim">
<record>
  <leader>02416nam0a22004211i 450 </leader>
  <controlfield tag="001">IT\ICCU\CNCE\057670</controlfield>
  <controlfield tag="005">20101104000000.0</controlfield>
  <datafield tag="012" ind1=" " ind2=" ">
    <subfield code="a">sqsi .B5B Ani* grin (3) 1513 (R)</subfield>
    <subfield code="2">fei</subfield>
    <subfield code="9">1</subfield>
  </datafield>
  <datafield tag="100" ind1=" " ind2=" ">
    <subfield code="a">20040426d1513        0itac0103    ba</subfield>
  </datafield>
  <datafield tag="101" ind1=" " ind2=" ">
    <subfield code="a">LAT</subfield>
  </datafield>
  <datafield tag="102" ind1=" " ind2=" ">
    <subfield code="a">IT</subfield>
  </datafield>
  <datafield tag="200" ind1="1" ind2=" ">
    <subfield code="a">℗Valerii Maximi ℗Opus cum Oliuerii commentariis ex prima eius editione integra, et syncera descriptis, cum paucis annotationibus, quas sub Theophili nomine Arcadicus ille libri marginibus inspersit. Addita sunt in fine operis Ascensii familiaria ut ipse dicit interpretamenta ita numeris in suis titulis atque capitulis distincta et annotata ut facile sit iis qui illius hoc labore se iuuari putant omnis in suis locis inuenta in ipsa Valerii exempla conferre</subfield>
  </datafield>
  <datafield tag="210" ind1=" " ind2=" ">
    <subfield code="e">Impressum Mediolani</subfield>
    <subfield code="g">apud Leonardum Vegium</subfield>
    <subfield code="h">1513 die vltimo Februarii</subfield>
  </datafield>
  <datafield tag="215" ind1=" " ind2=" ">
    <subfield code="a">2 pt.</subfield>
    <subfield code="d">fol</subfield>
  </datafield>
  <datafield tag="300" ind1=" " ind2=" ">
    <subfield code="a">2: (Impressum Mediolani : apud Leonardum Vegium, 1513 die XVI Februari)</subfield>
  </datafield>
  <datafield tag="620" ind1=" " ind2=" ">
    <subfield code="a">IT</subfield>
    <subfield code="d">Milano</subfield>
  </datafield>
  <datafield tag="700" ind1=" " ind2="0">
    <subfield code="a">Valerius Maximus</subfield>
    <subfield code="3">IT\ICCU\CNCA\001232</subfield>
  </datafield>
  <datafield tag="702" ind1=" " ind2="0">
    <subfield code="a">Oliviero</subfield>
    <subfield code="c"> : d&apos;Arzignano</subfield>
    <subfield code="3">IT\ICCU\CNCA\011562</subfield>
  </datafield>
  <datafield tag="702" ind1=" " ind2="1">
    <subfield code="a">Chalcondylas,</subfield>
    <subfield code="b">Theophilus</subfield>
    <subfield code="3">IT\ICCU\CNCA\013408</subfield>
  </datafield>
  <datafield tag="702" ind1=" " ind2="1">
    <subfield code="a">Bade,</subfield>
    <subfield code="b">Josse</subfield>
    <subfield code="3">IT\ICCU\CNCA\001185</subfield>
  </datafield>
  <datafield tag="712" ind1="0" ind2="0">
    <subfield code="a">Vegio, Leonardo</subfield>
    <subfield code="3">IT\ICCU\CNCT\000313</subfield>
    <subfield code="4">650</subfield>
  </datafield>
  <datafield tag="790" ind1=" " ind2="0">
    <subfield code="a">Valerio Massimo</subfield>
    <subfield code="3">IT\ICCU\CNCA\024512</subfield>
    <subfield code="z">Valerius Maximus</subfield>
  </datafield>
  <datafield tag="790" ind1=" " ind2="0">
    <subfield code="a">Oliverius</subfield>
    <subfield code="c"> : Arzignanensis</subfield>
    <subfield code="3">IT\ICCU\CNCA\017030</subfield>
    <subfield code="z">Oliviero : d&apos;Arzignano</subfield>
  </datafield>
  <datafield tag="790" ind1=" " ind2="1">
    <subfield code="a">Arzignano,</subfield>
    <subfield code="b">Oliviero : d&apos;</subfield>
    <subfield code="3">IT\ICCU\CNCA\022613</subfield>
    <subfield code="z">Oliviero : d&apos;Arzignano</subfield>
  </datafield>
  <datafield tag="790" ind1=" " ind2="0">
    <subfield code="a">Theophilus</subfield>
    <subfield code="3">IT\ICCU\CNCA\021095</subfield>
    <subfield code="z">Chalcondylas, Theophilus</subfield>
  </datafield>
  <datafield tag="790" ind1=" " ind2="1">
    <subfield code="a">Calcondila,</subfield>
    <subfield code="b">Teofilo</subfield>
    <subfield code="3">IT\ICCU\CNCA\023564</subfield>
    <subfield code="z">Chalcondylas, Theophilus</subfield>
  </datafield>
  <datafield tag="790" ind1=" " ind2="0">
    <subfield code="a">Badius Ascensius Jodocus</subfield>
    <subfield code="3">IT\ICCU\CNCA\003294</subfield>
    <subfield code="z">Bade, Josse</subfield>
  </datafield>
  <datafield tag="790" ind1=" " ind2="0">
    <subfield code="a">Ascensius</subfield>
    <subfield code="3">IT\ICCU\CNCA\026332</subfield>
    <subfield code="z">Bade, Josse</subfield>
  </datafield>
  <datafield tag="791" ind1="0" ind2="0">
    <subfield code="a">De_Vegiis, Leonardus</subfield>
    <subfield code="3">IT\ICCU\CNCT\004154</subfield>
    <subfield code="z">Vegio, Leonardo</subfield>
  </datafield>
  <datafield tag="791" ind1="0" ind2="0">
    <subfield code="a">Vegius, Leonardus</subfield>
    <subfield code="3">IT\ICCU\CNCT\005862</subfield>
    <subfield code="z">Vegio, Leonardo</subfield>
  </datafield>
  <datafield tag="791" ind1="0" ind2="0">
    <subfield code="a">Vegiis, Leonardus de</subfield>
    <subfield code="3">IT\ICCU\CNCT\005863</subfield>
    <subfield code="z">Vegio, Leonardo</subfield>
  </datafield>
  <datafield tag="791" ind1="0" ind2="0">
    <subfield code="a">Vegii, Leonardo di</subfield>
    <subfield code="3">IT\ICCU\CNCT\005864</subfield>
    <subfield code="z">Vegio, Leonardo</subfield>
  </datafield>
  <datafield tag="801" ind1=" " ind2="3">
    <subfield code="a">IT</subfield>
    <subfield code="b">ICCU</subfield>
    <subfield code="c">20201115</subfield>
  </datafield>
  <datafield tag="899" ind1=" " ind2=" ">
    <subfield code="a">Biblioteca civica Berio. Genova</subfield>
    <subfield code="1">GE0036</subfield>
    <subfield code="2">SGE BE</subfield>
  </datafield>
  <datafield tag="899" ind1=" " ind2=" ">
    <subfield code="a">Biblioteca nazionale Braidense. Milano</subfield>
    <subfield code="1">MI0185</subfield>
    <subfield code="2">MIL NB</subfield>
  </datafield>
  <datafield tag="899" ind1=" " ind2=" ">
    <subfield code="a">Musei civici. Fondo antico. Modena</subfield>
    <subfield code="z">MUTILO</subfield>
    <subfield code="1">MO0194</subfield>
    <subfield code="2">ZMO 32</subfield>
  </datafield>
  <datafield tag="899" ind1=" " ind2=" ">
    <subfield code="a">Biblioteca Palatina. Parma</subfield>
    <subfield code="1">PR0072</subfield>
    <subfield code="2">PAR PA</subfield>
  </datafield>
  <datafield tag="899" ind1=" " ind2=" ">
    <subfield code="a">British Library. London</subfield>
    <subfield code="1">UK0001</subfield>
  </datafield>
</record>
</collection>
